@misc{auth0,
  author       = {Auth0 Documentation},
  title        = {Secure Authentication for Web Applications},
  howpublished = {\url{https://auth0.com/docs}},
  year         = {2024}
}

@misc{powerbi,
  author       = {Microsoft Docs},
  title        = {Embed Power BI in Web Applications},
  howpublished = {\url{https://learn.microsoft.com/en-us/power-bi/developer/embedding/}},
  year         = {2024}
}

@misc{nextjs,
  author       = {Vercel},
  title        = {Next.js Documentation},
  howpublished = {\url{https://nextjs.org/docs}},
  year         = {2024}
}

@misc{tailwind,
  author       = {Tailwind Labs},
  title        = {Tailwind CSS â€“ Rapid Utility-first Styling},
  howpublished = {\url{https://tailwindcss.com/docs}},
  year         = {2024}
}
